%YAML 1.1
%TAG !u! tag:unity3d.com,2011:
--- !u!1 &4249851429198750911
GameObject:
  m_ObjectHideFlags: 0
  m_CorrespondingSourceObject: {fileID: 0}
  m_PrefabInstance: {fileID: 0}
  m_PrefabAsset: {fileID: 0}
  serializedVersion: 6
  m_Component:
  - component: {fileID: 3515064899458788608}
  - component: {fileID: 7544027281843909474}
  m_Layer: 0
  m_Name: Socket_3
  m_TagString: Untagged
  m_Icon: {fileID: 0}
  m_NavMeshLayer: 0
  m_StaticEditorFlags: 0
  m_IsActive: 1
--- !u!4 &3515064899458788608
Transform:
  m_ObjectHideFlags: 0
  m_CorrespondingSourceObject: {fileID: 0}
  m_PrefabInstance: {fileID: 0}
  m_PrefabAsset: {fileID: 0}
  m_GameObject: {fileID: 4249851429198750911}
  m_LocalRotation: {x: -0, y: 0.70710576, z: -0, w: 0.70710784}
  m_LocalPosition: {x: 2, y: 0, z: 0}
  m_LocalScale: {x: 1, y: 1, z: 1}
  m_ConstrainProportionsScale: 0
  m_Children: []
  m_Father: {fileID: 874714479505378587}
  m_RootOrder: 4
  m_LocalEulerAnglesHint: {x: 0, y: 90.00001, z: 0}
--- !u!114 &7544027281843909474
MonoBehaviour:
  m_ObjectHideFlags: 0
  m_CorrespondingSourceObject: {fileID: 0}
  m_PrefabInstance: {fileID: 0}
  m_PrefabAsset: {fileID: 0}
  m_GameObject: {fileID: 4249851429198750911}
  m_Enabled: 1
  m_EditorHideFlags: 0
  m_Script: {fileID: 11500000, guid: e4dd892cbe0d92b4c897fa540a9de9fe, type: 3}
  m_Name: 
  m_EditorClassIdentifier: 
  Radius: 0.5
  ShowRadius: 0
  PartOffsets:
  - Piece: {fileID: 5265941620019384471, guid: 374fa8e1de69ae54286fb5fed586805f, type: 3}
    AllowSameCategory: 0
    Position: {x: 0, y: 0, z: 0}
    Rotation: {x: 0, y: 0, z: 0}
    Scale: {x: 1, y: 1, z: 1}
  - Piece: {fileID: 4588705987945451522, guid: d1d90df2dfab76740bdf00f5f1c1a1da, type: 3}
    AllowSameCategory: 0
    Position: {x: 0, y: 0, z: 0}
    Rotation: {x: 0, y: 0, z: 0}
    Scale: {x: 1, y: 1, z: 1}
  - Piece: {fileID: 4907333522334081043, guid: 36c0e7d312063074e87d27fdeadcdf9c, type: 3}
    AllowSameCategory: 0
    Position: {x: 0, y: 0, z: 0}
    Rotation: {x: 0, y: 0, z: 0}
    Scale: {x: 1, y: 1, z: 1}
  ParentPiece: {fileID: 0}
  IsDisabled: 0
--- !u!1 &4349283417260723801
GameObject:
  m_ObjectHideFlags: 0
  m_CorrespondingSourceObject: {fileID: 0}
  m_PrefabInstance: {fileID: 0}
  m_PrefabAsset: {fileID: 0}
  serializedVersion: 6
  m_Component:
  - component: {fileID: 7351208946703234551}
  - component: {fileID: 6035707479001554846}
  m_Layer: 0
  m_Name: Socket_1
  m_TagString: Untagged
  m_Icon: {fileID: 0}
  m_NavMeshLayer: 0
  m_StaticEditorFlags: 0
  m_IsActive: 1
--- !u!4 &7351208946703234551
Transform:
  m_ObjectHideFlags: 0
  m_CorrespondingSourceObject: {fileID: 0}
  m_PrefabInstance: {fileID: 0}
  m_PrefabAsset: {fileID: 0}
  m_GameObject: {fileID: 4349283417260723801}
  m_LocalRotation: {x: 0, y: 0, z: 0, w: 1}
  m_LocalPosition: {x: 0, y: 0, z: 2}
  m_LocalScale: {x: 1, y: 1, z: 1}
  m_ConstrainProportionsScale: 0
  m_Children: []
  m_Father: {fileID: 874714479505378587}
  m_RootOrder: 2
  m_LocalEulerAnglesHint: {x: 0, y: 0, z: 0}
--- !u!114 &6035707479001554846
MonoBehaviour:
  m_ObjectHideFlags: 0
  m_CorrespondingSourceObject: {fileID: 0}
  m_PrefabInstance: {fileID: 0}
  m_PrefabAsset: {fileID: 0}
  m_GameObject: {fileID: 4349283417260723801}
  m_Enabled: 1
  m_EditorHideFlags: 0
  m_Script: {fileID: 11500000, guid: e4dd892cbe0d92b4c897fa540a9de9fe, type: 3}
  m_Name: 
  m_EditorClassIdentifier: 
  Radius: 0.5
  ShowRadius: 0
  PartOffsets:
  - Piece: {fileID: 5265941620019384471, guid: 374fa8e1de69ae54286fb5fed586805f, type: 3}
    AllowSameCategory: 0
    Position: {x: 0, y: 0, z: 0}
    Rotation: {x: 0, y: 0, z: 0}
    Scale: {x: 1, y: 1, z: 1}
  - Piece: {fileID: 4588705987945451522, guid: d1d90df2dfab76740bdf00f5f1c1a1da, type: 3}
    AllowSameCategory: 0
    Position: {x: 0, y: 0, z: 0}
    Rotation: {x: 0, y: 0, z: 0}
    Scale: {x: 1, y: 1, z: 1}
  - Piece: {fileID: 4907333522334081043, guid: 36c0e7d312063074e87d27fdeadcdf9c, type: 3}
    AllowSameCategory: 0
    Position: {x: 0, y: 0, z: 0}
    Rotation: {x: 0, y: 0, z: 0}
    Scale: {x: 1, y: 1, z: 1}
  ParentPiece: {fileID: 0}
  IsDisabled: 0
--- !u!1 &6048977977494631643
GameObject:
  m_ObjectHideFlags: 0
  m_CorrespondingSourceObject: {fileID: 0}
  m_PrefabInstance: {fileID: 0}
  m_PrefabAsset: {fileID: 0}
  serializedVersion: 6
  m_Component:
  - component: {fileID: 7918911350451774333}
  - component: {fileID: 3790992530765104318}
  - component: {fileID: 4289554895131634132}
  - component: {fileID: 6382466813822329080}
  - component: {fileID: 4298251039664769407}
  m_Layer: 0
  m_Name: BLD_Default_Floor_MO
  m_TagString: Untagged
  m_Icon: {fileID: 0}
  m_NavMeshLayer: 0
  m_StaticEditorFlags: 0
  m_IsActive: 1
--- !u!4 &7918911350451774333
Transform:
  m_ObjectHideFlags: 0
  m_CorrespondingSourceObject: {fileID: 0}
  m_PrefabInstance: {fileID: 0}
  m_PrefabAsset: {fileID: 0}
  m_GameObject: {fileID: 6048977977494631643}
  m_LocalRotation: {x: -0, y: -0, z: -0, w: 1}
  m_LocalPosition: {x: 0, y: 0, z: 0}
  m_LocalScale: {x: 1, y: 1, z: 1}
  m_ConstrainProportionsScale: 0
  m_Children: []
  m_Father: {fileID: 874714479505378587}
  m_RootOrder: 0
  m_LocalEulerAnglesHint: {x: 0, y: 0, z: 0}
--- !u!33 &3790992530765104318
MeshFilter:
  m_ObjectHideFlags: 0
  m_CorrespondingSourceObject: {fileID: 0}
  m_PrefabInstance: {fileID: 0}
  m_PrefabAsset: {fileID: 0}
  m_GameObject: {fileID: 6048977977494631643}
  m_Mesh: {fileID: 743796463756658927, guid: 3a1eb5539aaf78f42b30fda96f67dee0, type: 3}
--- !u!23 &4289554895131634132
MeshRenderer:
  m_ObjectHideFlags: 0
  m_CorrespondingSourceObject: {fileID: 0}
  m_PrefabInstance: {fileID: 0}
  m_PrefabAsset: {fileID: 0}
  m_GameObject: {fileID: 6048977977494631643}
  m_Enabled: 1
  m_CastShadows: 1
  m_ReceiveShadows: 1
  m_DynamicOccludee: 1
  m_StaticShadowCaster: 0
  m_MotionVectors: 1
  m_LightProbeUsage: 1
  m_ReflectionProbeUsage: 1
  m_RayTracingMode: 2
  m_RayTraceProcedural: 0
  m_RenderingLayerMask: 1
  m_RendererPriority: 0
  m_Materials:
  - {fileID: 2100000, guid: fb1997cd90dfc6c47898ecbeedcb80d7, type: 2}
  m_StaticBatchInfo:
    firstSubMesh: 0
    subMeshCount: 0
  m_StaticBatchRoot: {fileID: 0}
  m_ProbeAnchor: {fileID: 0}
  m_LightProbeVolumeOverride: {fileID: 0}
  m_ScaleInLightmap: 1
  m_ReceiveGI: 1
  m_PreserveUVs: 0
  m_IgnoreNormalsForChartDetection: 0
  m_ImportantGI: 0
  m_StitchLightmapSeams: 1
  m_SelectedEditorRenderState: 3
  m_MinimumChartSize: 4
  m_AutoUVMaxDistance: 0.5
  m_AutoUVMaxAngle: 89
  m_LightmapParameters: {fileID: 0}
  m_SortingLayerID: 0
  m_SortingLayer: 0
  m_SortingOrder: 0
  m_AdditionalVertexStreams: {fileID: 0}
--- !u!64 &6382466813822329080
MeshCollider:
  m_ObjectHideFlags: 0
  m_CorrespondingSourceObject: {fileID: 0}
  m_PrefabInstance: {fileID: 0}
  m_PrefabAsset: {fileID: 0}
  m_GameObject: {fileID: 6048977977494631643}
  m_Material: {fileID: 0}
  m_IsTrigger: 0
  m_Enabled: 1
  serializedVersion: 4
  m_Convex: 1
  m_CookingOptions: 30
  m_Mesh: {fileID: 743796463756658927, guid: 3a1eb5539aaf78f42b30fda96f67dee0, type: 3}
--- !u!208 &4298251039664769407
NavMeshObstacle:
  m_ObjectHideFlags: 0
  m_CorrespondingSourceObject: {fileID: 0}
  m_PrefabInstance: {fileID: 0}
  m_PrefabAsset: {fileID: 0}
  m_GameObject: {fileID: 6048977977494631643}
  m_Enabled: 1
  serializedVersion: 3
  m_Shape: 1
  m_Extents: {x: 2, y: 0.060000002, z: 2}
  m_MoveThreshold: 0.1
  m_Carve: 0
  m_CarveOnlyStationary: 1
  m_Center: {x: 0, y: 0, z: 0}
  m_TimeToStationary: 0.5
--- !u!1 &6464470123178844158
GameObject:
  m_ObjectHideFlags: 0
  m_CorrespondingSourceObject: {fileID: 0}
  m_PrefabInstance: {fileID: 0}
  m_PrefabAsset: {fileID: 0}
  serializedVersion: 6
  m_Component:
  - component: {fileID: 7601605629391107964}
  - component: {fileID: 1468583667891569869}
  m_Layer: 0
  m_Name: Socket
  m_TagString: Untagged
  m_Icon: {fileID: 0}
  m_NavMeshLayer: 0
  m_StaticEditorFlags: 0
  m_IsActive: 1
--- !u!4 &7601605629391107964
Transform:
  m_ObjectHideFlags: 0
  m_CorrespondingSourceObject: {fileID: 0}
  m_PrefabInstance: {fileID: 0}
  m_PrefabAsset: {fileID: 0}
  m_GameObject: {fileID: 6464470123178844158}
  m_LocalRotation: {x: 0, y: 0, z: 0, w: 1}
  m_LocalPosition: {x: 0, y: 0, z: -2}
  m_LocalScale: {x: 1, y: 1, z: 1}
  m_ConstrainProportionsScale: 0
  m_Children: []
  m_Father: {fileID: 874714479505378587}
  m_RootOrder: 1
  m_LocalEulerAnglesHint: {x: 0, y: 0, z: 0}
--- !u!114 &1468583667891569869
MonoBehaviour:
  m_ObjectHideFlags: 0
  m_CorrespondingSourceObject: {fileID: 0}
  m_PrefabInstance: {fileID: 0}
  m_PrefabAsset: {fileID: 0}
  m_GameObject: {fileID: 6464470123178844158}
  m_Enabled: 1
  m_EditorHideFlags: 0
  m_Script: {fileID: 11500000, guid: e4dd892cbe0d92b4c897fa540a9de9fe, type: 3}
  m_Name: 
  m_EditorClassIdentifier: 
  Radius: 0.5
  ShowRadius: 0
  PartOffsets:
  - Piece: {fileID: 5265941620019384471, guid: 374fa8e1de69ae54286fb5fed586805f, type: 3}
    AllowSameCategory: 0
    Position: {x: 0, y: 0, z: 0}
    Rotation: {x: 0, y: 0, z: 0}
    Scale: {x: 1, y: 1, z: 1}
  - Piece: {fileID: 4588705987945451522, guid: d1d90df2dfab76740bdf00f5f1c1a1da, type: 3}
    AllowSameCategory: 0
    Position: {x: 0, y: 0, z: 0}
    Rotation: {x: 0, y: 0, z: 0}
    Scale: {x: 1, y: 1, z: 1}
  - Piece: {fileID: 4907333522334081043, guid: 36c0e7d312063074e87d27fdeadcdf9c, type: 3}
    AllowSameCategory: 0
    Position: {x: 0, y: 0, z: 0}
    Rotation: {x: 0, y: 0, z: 0}
    Scale: {x: 1, y: 1, z: 1}
  ParentPiece: {fileID: 0}
  IsDisabled: 0
--- !u!1 &8435276497652378584
GameObject:
  m_ObjectHideFlags: 0
  m_CorrespondingSourceObject: {fileID: 0}
  m_PrefabInstance: {fileID: 0}
  m_PrefabAsset: {fileID: 0}
  serializedVersion: 6
  m_Component:
  - component: {fileID: 874714479505378587}
  - component: {fileID: 3697649724031534796}
  - component: {fileID: 5794628659099979987}
  m_Layer: 0
  m_Name: BLD_Default_Floor_PB
  m_TagString: Untagged
  m_Icon: {fileID: 0}
  m_NavMeshLayer: 0
  m_StaticEditorFlags: 0
  m_IsActive: 1
--- !u!4 &874714479505378587
Transform:
  m_ObjectHideFlags: 0
  m_CorrespondingSourceObject: {fileID: 0}
  m_PrefabInstance: {fileID: 0}
  m_PrefabAsset: {fileID: 0}
  m_GameObject: {fileID: 8435276497652378584}
  m_LocalRotation: {x: 0, y: 0, z: 0, w: 1}
  m_LocalPosition: {x: 0, y: 0, z: 0}
  m_LocalScale: {x: 1, y: 1, z: 1}
  m_ConstrainProportionsScale: 0
  m_Children:
  - {fileID: 7918911350451774333}
  - {fileID: 7601605629391107964}
  - {fileID: 7351208946703234551}
  - {fileID: 6745581599223666747}
  - {fileID: 3515064899458788608}
  m_Father: {fileID: 0}
  m_RootOrder: 0
  m_LocalEulerAnglesHint: {x: 0, y: 0, z: 0}
--- !u!114 &3697649724031534796
MonoBehaviour:
  m_ObjectHideFlags: 0
  m_CorrespondingSourceObject: {fileID: 0}
  m_PrefabInstance: {fileID: 0}
  m_PrefabAsset: {fileID: 0}
  m_GameObject: {fileID: 8435276497652378584}
  m_Enabled: 1
  m_EditorHideFlags: 0
  m_Script: {fileID: 11500000, guid: a6576b638fdd0e546ac6c176d649d3f9, type: 3}
  m_Name: 
  m_EditorClassIdentifier: 
  Id: 5
  Icon: {fileID: 21300000, guid: e58b1b0517231db42b18e2b25f74704a, type: 3}
  Name: Modular Building Floor
  Description: 
  Category: Floor
  IgnoreSocket: 0
  IgnoreGrid: 0
  UseGroundUpper: 0
  GroundUpperHeight: 1
  KeepLastRotation: 0
  RotateOnSockets: 0
  RotateAccodingSurface: 0
  RotateAccordingSlope: 0
  RotateAccordingSlopeAngleLimition: 0
  RotationAxis: {x: 0, y: 90, z: 0}
  PreviewClampPosition: 0
  PreviewClampMinPosition: {x: 0, y: 0, z: 0}
  PreviewClampMaxPosition: {x: 0, y: 0, z: 0}
  PreviewOffset: {x: 0, y: 0, z: 0}
  PreviewDisableObjects: []
  PreviewDisableBehaviours: []
  PreviewDisableColliders: []
  PreviewColorLerpTime: 15
  CustomPreviewMaterial: {fileID: 2100000, guid: eeb103c9847f5af4d9bd2799f9bfa483, type: 2}
  PreviewAllowedColor: {r: 0, g: 1, b: 1, a: 0.27450982}
  PreviewDeniedColor: {r: 1, g: 0, b: 0, a: 0.27450982}
  Conditions: []
  Skins: []
  SkinIndex: 0
  MeshBounds:
    m_Center: {x: 0, y: 0, z: 0}
    m_Extent: {x: 2, y: 0.060000166, z: 2}
  CurrentState: 4
  LastState: 0
  Sockets: []
  Colliders: []
  Renderers: []
  ExtraProperties: []
--- !u!114 &5794628659099979987
MonoBehaviour:
  m_ObjectHideFlags: 0
  m_CorrespondingSourceObject: {fileID: 0}
  m_PrefabInstance: {fileID: 0}
  m_PrefabAsset: {fileID: 0}
  m_GameObject: {fileID: 8435276497652378584}
  m_Enabled: 1
  m_EditorHideFlags: 0
  m_Script: {fileID: 11500000, guid: 0b0f07f8f4eeed74a80c484b5d8cc2a7, type: 3}
  m_Name: 
  m_EditorClassIdentifier: 
  IsPlaceable: 1
  IsEditable: 1
  IsDestructible: 1
  RequireAreaForPlacement: 0
  RequireAreaForDestruction: 0
  RequireAreaForEdit: 0
  RequireSocket: 1
--- !u!1 &9017822478785522522
GameObject:
  m_ObjectHideFlags: 0
  m_CorrespondingSourceObject: {fileID: 0}
  m_PrefabInstance: {fileID: 0}
  m_PrefabAsset: {fileID: 0}
  serializedVersion: 6
  m_Component:
  - component: {fileID: 6745581599223666747}
  - component: {fileID: 4699537298397019840}
  m_Layer: 0
  m_Name: Socket_2
  m_TagString: Untagged
  m_Icon: {fileID: 0}
  m_NavMeshLayer: 0
  m_StaticEditorFlags: 0
  m_IsActive: 1
--- !u!4 &6745581599223666747
Transform:
  m_ObjectHideFlags: 0
  m_CorrespondingSourceObject: {fileID: 0}
  m_PrefabInstance: {fileID: 0}
  m_PrefabAsset: {fileID: 0}
  m_GameObject: {fileID: 9017822478785522522}
  m_LocalRotation: {x: -0, y: 0.70710576, z: -0, w: 0.70710784}
  m_LocalPosition: {x: -2, y: 0, z: -0}
  m_LocalScale: {x: 1, y: 1, z: 1}
  m_ConstrainProportionsScale: 0
  m_Children: []
  m_Father: {fileID: 874714479505378587}
  m_RootOrder: 3
  m_LocalEulerAnglesHint: {x: 0, y: 90.00001, z: 0}
--- !u!114 &4699537298397019840
MonoBehaviour:
  m_ObjectHideFlags: 0
  m_CorrespondingSourceObject: {fileID: 0}
  m_PrefabInstance: {fileID: 0}
  m_PrefabAsset: {fileID: 0}
  m_GameObject: {fileID: 9017822478785522522}
  m_Enabled: 1
  m_EditorHideFlags: 0
  m_Script: {fileID: 11500000, guid: e4dd892cbe0d92b4c897fa540a9de9fe, type: 3}
  m_Name: 
  m_EditorClassIdentifier: 
  Radius: 0.5
  ShowRadius: 0
  PartOffsets:
  - Piece: {fileID: 5265941620019384471, guid: 374fa8e1de69ae54286fb5fed586805f, type: 3}
    AllowSameCategory: 0
    Position: {x: 0, y: 0, z: 0}
    Rotation: {x: 0, y: 0, z: 0}
    Scale: {x: 1, y: 1, z: 1}
  - Piece: {fileID: 4588705987945451522, guid: d1d90df2dfab76740bdf00f5f1c1a1da, type: 3}
    AllowSameCategory: 0
    Position: {x: 0, y: 0, z: 0}
    Rotation: {x: 0, y: 0, z: 0}
    Scale: {x: 1, y: 1, z: 1}
  - Piece: {fileID: 4907333522334081043, guid: 36c0e7d312063074e87d27fdeadcdf9c, type: 3}
    AllowSameCategory: 0
    Position: {x: 0, y: 0, z: 0}
    Rotation: {x: 0, y: 0, z: 0}
    Scale: {x: 1, y: 1, z: 1}
  ParentPiece: {fileID: 0}
  IsDisabled: 0
