%YAML 1.1
%TAG !u! tag:unity3d.com,2011:
--- !u!1 &825332867656075789
GameObject:
  m_ObjectHideFlags: 0
  m_CorrespondingSourceObject: {fileID: 0}
  m_PrefabInstance: {fileID: 0}
  m_PrefabAsset: {fileID: 0}
  serializedVersion: 6
  m_Component:
  - component: {fileID: 4824596802487385187}
  - component: {fileID: 3226131217781323684}
  - component: {fileID: 2874717805151648435}
  - component: {fileID: 4550395363833288930}
  - component: {fileID: 572633791024781567}
  m_Layer: 0
  m_Name: BLD_Default_Wall_MO
  m_TagString: Untagged
  m_Icon: {fileID: 0}
  m_NavMeshLayer: 0
  m_StaticEditorFlags: 0
  m_IsActive: 1
--- !u!4 &4824596802487385187
Transform:
  m_ObjectHideFlags: 0
  m_CorrespondingSourceObject: {fileID: 0}
  m_PrefabInstance: {fileID: 0}
  m_PrefabAsset: {fileID: 0}
  m_GameObject: {fileID: 825332867656075789}
  m_LocalRotation: {x: -0, y: -0, z: -0, w: 1}
  m_LocalPosition: {x: 0, y: 0, z: 0}
  m_LocalScale: {x: 1, y: 1, z: 1}
  m_ConstrainProportionsScale: 0
  m_Children: []
  m_Father: {fileID: 1442874742588861907}
  m_RootOrder: 0
  m_LocalEulerAnglesHint: {x: 0, y: 0, z: 0}
--- !u!33 &3226131217781323684
MeshFilter:
  m_ObjectHideFlags: 0
  m_CorrespondingSourceObject: {fileID: 0}
  m_PrefabInstance: {fileID: 0}
  m_PrefabAsset: {fileID: 0}
  m_GameObject: {fileID: 825332867656075789}
  m_Mesh: {fileID: 2526348110929156947, guid: 3a1eb5539aaf78f42b30fda96f67dee0, type: 3}
--- !u!23 &2874717805151648435
MeshRenderer:
  m_ObjectHideFlags: 0
  m_CorrespondingSourceObject: {fileID: 0}
  m_PrefabInstance: {fileID: 0}
  m_PrefabAsset: {fileID: 0}
  m_GameObject: {fileID: 825332867656075789}
  m_Enabled: 1
  m_CastShadows: 1
  m_ReceiveShadows: 1
  m_DynamicOccludee: 1
  m_StaticShadowCaster: 0
  m_MotionVectors: 1
  m_LightProbeUsage: 1
  m_ReflectionProbeUsage: 1
  m_RayTracingMode: 2
  m_RayTraceProcedural: 0
  m_RenderingLayerMask: 1
  m_RendererPriority: 0
  m_Materials:
  - {fileID: 2100000, guid: fb1997cd90dfc6c47898ecbeedcb80d7, type: 2}
  m_StaticBatchInfo:
    firstSubMesh: 0
    subMeshCount: 0
  m_StaticBatchRoot: {fileID: 0}
  m_ProbeAnchor: {fileID: 0}
  m_LightProbeVolumeOverride: {fileID: 0}
  m_ScaleInLightmap: 1
  m_ReceiveGI: 1
  m_PreserveUVs: 0
  m_IgnoreNormalsForChartDetection: 0
  m_ImportantGI: 0
  m_StitchLightmapSeams: 1
  m_SelectedEditorRenderState: 3
  m_MinimumChartSize: 4
  m_AutoUVMaxDistance: 0.5
  m_AutoUVMaxAngle: 89
  m_LightmapParameters: {fileID: 0}
  m_SortingLayerID: 0
  m_SortingLayer: 0
  m_SortingOrder: 0
  m_AdditionalVertexStreams: {fileID: 0}
--- !u!64 &4550395363833288930
MeshCollider:
  m_ObjectHideFlags: 0
  m_CorrespondingSourceObject: {fileID: 0}
  m_PrefabInstance: {fileID: 0}
  m_PrefabAsset: {fileID: 0}
  m_GameObject: {fileID: 825332867656075789}
  m_Material: {fileID: 0}
  m_IsTrigger: 0
  m_Enabled: 1
  serializedVersion: 4
  m_Convex: 1
  m_CookingOptions: 30
  m_Mesh: {fileID: 2526348110929156947, guid: 3a1eb5539aaf78f42b30fda96f67dee0, type: 3}
--- !u!208 &572633791024781567
NavMeshObstacle:
  m_ObjectHideFlags: 0
  m_CorrespondingSourceObject: {fileID: 0}
  m_PrefabInstance: {fileID: 0}
  m_PrefabAsset: {fileID: 0}
  m_GameObject: {fileID: 825332867656075789}
  m_Enabled: 1
  serializedVersion: 3
  m_Shape: 1
  m_Extents: {x: 2, y: 2, z: 0.25}
  m_MoveThreshold: 0.1
  m_Carve: 1
  m_CarveOnlyStationary: 1
  m_Center: {x: 0, y: 1.94, z: 0}
  m_TimeToStationary: 0.5
--- !u!1 &3028158509950909879
GameObject:
  m_ObjectHideFlags: 0
  m_CorrespondingSourceObject: {fileID: 0}
  m_PrefabInstance: {fileID: 0}
  m_PrefabAsset: {fileID: 0}
  serializedVersion: 6
  m_Component:
  - component: {fileID: 7795147459215945303}
  - component: {fileID: 6176492673621626584}
  m_Layer: 0
  m_Name: Socket_2
  m_TagString: Untagged
  m_Icon: {fileID: 0}
  m_NavMeshLayer: 0
  m_StaticEditorFlags: 0
  m_IsActive: 1
--- !u!4 &7795147459215945303
Transform:
  m_ObjectHideFlags: 0
  m_CorrespondingSourceObject: {fileID: 0}
  m_PrefabInstance: {fileID: 0}
  m_PrefabAsset: {fileID: 0}
  m_GameObject: {fileID: 3028158509950909879}
  m_LocalRotation: {x: 0, y: 0, z: 0, w: 1}
  m_LocalPosition: {x: 0, y: 4, z: 0}
  m_LocalScale: {x: 1, y: 1, z: 1}
  m_ConstrainProportionsScale: 0
  m_Children: []
  m_Father: {fileID: 1442874742588861907}
  m_RootOrder: 3
  m_LocalEulerAnglesHint: {x: 0, y: 0, z: 0}
--- !u!114 &6176492673621626584
MonoBehaviour:
  m_ObjectHideFlags: 0
  m_CorrespondingSourceObject: {fileID: 0}
  m_PrefabInstance: {fileID: 0}
  m_PrefabAsset: {fileID: 0}
  m_GameObject: {fileID: 3028158509950909879}
  m_Enabled: 1
  m_EditorHideFlags: 0
  m_Script: {fileID: 11500000, guid: e4dd892cbe0d92b4c897fa540a9de9fe, type: 3}
  m_Name: 
  m_EditorClassIdentifier: 
  Radius: 0.5
  ShowRadius: 0
  PartOffsets:
  - Piece: {fileID: 5265941620019384471}
    AllowSameCategory: 0
    Position: {x: 0, y: 0, z: 0}
    Rotation: {x: 0, y: 0, z: 0}
    Scale: {x: 1, y: 1, z: 1}
  - Piece: {fileID: 4588705987945451522, guid: d1d90df2dfab76740bdf00f5f1c1a1da, type: 3}
    AllowSameCategory: 0
    Position: {x: 0, y: 0, z: 0}
    Rotation: {x: 0, y: 0, z: 0}
    Scale: {x: 1, y: 1, z: 1}
  - Piece: {fileID: 4907333522334081043, guid: 36c0e7d312063074e87d27fdeadcdf9c, type: 3}
    AllowSameCategory: 0
    Position: {x: 0, y: 0, z: 0}
    Rotation: {x: 0, y: 0, z: 0}
    Scale: {x: 1, y: 1, z: 1}
  ParentPiece: {fileID: 0}
  IsDisabled: 0
--- !u!1 &3968375354882201520
GameObject:
  m_ObjectHideFlags: 0
  m_CorrespondingSourceObject: {fileID: 0}
  m_PrefabInstance: {fileID: 0}
  m_PrefabAsset: {fileID: 0}
  serializedVersion: 6
  m_Component:
  - component: {fileID: 3315702815432288782}
  - component: {fileID: 948517763805400931}
  m_Layer: 0
  m_Name: Socket
  m_TagString: Untagged
  m_Icon: {fileID: 0}
  m_NavMeshLayer: 0
  m_StaticEditorFlags: 0
  m_IsActive: 1
--- !u!4 &3315702815432288782
Transform:
  m_ObjectHideFlags: 0
  m_CorrespondingSourceObject: {fileID: 0}
  m_PrefabInstance: {fileID: 0}
  m_PrefabAsset: {fileID: 0}
  m_GameObject: {fileID: 3968375354882201520}
  m_LocalRotation: {x: 0, y: 0, z: 0, w: 1}
  m_LocalPosition: {x: 0, y: 4, z: -2}
  m_LocalScale: {x: 1, y: 1, z: 1}
  m_ConstrainProportionsScale: 0
  m_Children: []
  m_Father: {fileID: 1442874742588861907}
  m_RootOrder: 1
  m_LocalEulerAnglesHint: {x: 0, y: 0, z: 0}
--- !u!114 &948517763805400931
MonoBehaviour:
  m_ObjectHideFlags: 0
  m_CorrespondingSourceObject: {fileID: 0}
  m_PrefabInstance: {fileID: 0}
  m_PrefabAsset: {fileID: 0}
  m_GameObject: {fileID: 3968375354882201520}
  m_Enabled: 1
  m_EditorHideFlags: 0
  m_Script: {fileID: 11500000, guid: e4dd892cbe0d92b4c897fa540a9de9fe, type: 3}
  m_Name: 
  m_EditorClassIdentifier: 
  Radius: 0.5
  ShowRadius: 0
  PartOffsets:
  - Piece: {fileID: 3697649724031534796, guid: 594e2fe1413fb5d46879fcac0a9d2eb7, type: 3}
    AllowSameCategory: 0
    Position: {x: 0, y: 0, z: 0}
    Rotation: {x: 0, y: 0, z: 0}
    Scale: {x: 1, y: 1, z: 1}
  ParentPiece: {fileID: 0}
  IsDisabled: 0
--- !u!1 &4973571584359183733
GameObject:
  m_ObjectHideFlags: 0
  m_CorrespondingSourceObject: {fileID: 0}
  m_PrefabInstance: {fileID: 0}
  m_PrefabAsset: {fileID: 0}
  serializedVersion: 6
  m_Component:
  - component: {fileID: 9052555780889134213}
  - component: {fileID: 4993235832817025865}
  m_Layer: 0
  m_Name: Socket_1
  m_TagString: Untagged
  m_Icon: {fileID: 0}
  m_NavMeshLayer: 0
  m_StaticEditorFlags: 0
  m_IsActive: 1
--- !u!4 &9052555780889134213
Transform:
  m_ObjectHideFlags: 0
  m_CorrespondingSourceObject: {fileID: 0}
  m_PrefabInstance: {fileID: 0}
  m_PrefabAsset: {fileID: 0}
  m_GameObject: {fileID: 4973571584359183733}
  m_LocalRotation: {x: 0, y: 0, z: 0, w: 1}
  m_LocalPosition: {x: 0, y: 4, z: 2}
  m_LocalScale: {x: 1, y: 1, z: 1}
  m_ConstrainProportionsScale: 0
  m_Children: []
  m_Father: {fileID: 1442874742588861907}
  m_RootOrder: 2
  m_LocalEulerAnglesHint: {x: 0, y: 0, z: 0}
--- !u!114 &4993235832817025865
MonoBehaviour:
  m_ObjectHideFlags: 0
  m_CorrespondingSourceObject: {fileID: 0}
  m_PrefabInstance: {fileID: 0}
  m_PrefabAsset: {fileID: 0}
  m_GameObject: {fileID: 4973571584359183733}
  m_Enabled: 1
  m_EditorHideFlags: 0
  m_Script: {fileID: 11500000, guid: e4dd892cbe0d92b4c897fa540a9de9fe, type: 3}
  m_Name: 
  m_EditorClassIdentifier: 
  Radius: 0.5
  ShowRadius: 0
  PartOffsets:
  - Piece: {fileID: 3697649724031534796, guid: 594e2fe1413fb5d46879fcac0a9d2eb7, type: 3}
    AllowSameCategory: 0
    Position: {x: 0, y: 0, z: 0}
    Rotation: {x: 0, y: 0, z: 0}
    Scale: {x: 1, y: 1, z: 1}
  ParentPiece: {fileID: 0}
  IsDisabled: 0
--- !u!1 &6391383640814532773
GameObject:
  m_ObjectHideFlags: 0
  m_CorrespondingSourceObject: {fileID: 0}
  m_PrefabInstance: {fileID: 0}
  m_PrefabAsset: {fileID: 0}
  serializedVersion: 6
  m_Component:
  - component: {fileID: 1442874742588861907}
  - component: {fileID: 5265941620019384471}
  - component: {fileID: 8171462357684858034}
  m_Layer: 0
  m_Name: BLD_Default_Wall_PB
  m_TagString: Untagged
  m_Icon: {fileID: 0}
  m_NavMeshLayer: 0
  m_StaticEditorFlags: 0
  m_IsActive: 1
--- !u!4 &1442874742588861907
Transform:
  m_ObjectHideFlags: 0
  m_CorrespondingSourceObject: {fileID: 0}
  m_PrefabInstance: {fileID: 0}
  m_PrefabAsset: {fileID: 0}
  m_GameObject: {fileID: 6391383640814532773}
  m_LocalRotation: {x: 0, y: 0, z: 0, w: 1}
  m_LocalPosition: {x: 0, y: 0, z: 0}
  m_LocalScale: {x: 1, y: 1, z: 1}
  m_ConstrainProportionsScale: 0
  m_Children:
  - {fileID: 4824596802487385187}
  - {fileID: 3315702815432288782}
  - {fileID: 9052555780889134213}
  - {fileID: 7795147459215945303}
  m_Father: {fileID: 0}
  m_RootOrder: 0
  m_LocalEulerAnglesHint: {x: 0, y: 0, z: 0}
--- !u!114 &5265941620019384471
MonoBehaviour:
  m_ObjectHideFlags: 0
  m_CorrespondingSourceObject: {fileID: 0}
  m_PrefabInstance: {fileID: 0}
  m_PrefabAsset: {fileID: 0}
  m_GameObject: {fileID: 6391383640814532773}
  m_Enabled: 1
  m_EditorHideFlags: 0
  m_Script: {fileID: 11500000, guid: a6576b638fdd0e546ac6c176d649d3f9, type: 3}
  m_Name: 
  m_EditorClassIdentifier: 
  Id: 2
  Icon: {fileID: 21300000, guid: 901e8ac552518b0449e5a8e269c3f81e, type: 3}
  Name: Modular Building Wall
  Description: 
  Category: Wall
  IgnoreSocket: 0
  IgnoreGrid: 0
  UseGroundUpper: 0
  GroundUpperHeight: 1
  KeepLastRotation: 0
  RotateOnSockets: 0
  RotateAccodingSurface: 0
  RotateAccordingSlope: 0
  RotateAccordingSlopeAngleLimition: 0
  RotationAxis: {x: 0, y: 90, z: 0}
  PreviewClampPosition: 0
  PreviewClampMinPosition: {x: 0, y: 0, z: 0}
  PreviewClampMaxPosition: {x: 0, y: 0, z: 0}
  PreviewOffset: {x: 0, y: 0, z: 0}
  PreviewDisableObjects: []
  PreviewDisableBehaviours: []
  PreviewDisableColliders: []
  PreviewColorLerpTime: 15
  CustomPreviewMaterial: {fileID: 2100000, guid: eeb103c9847f5af4d9bd2799f9bfa483, type: 2}
  PreviewAllowedColor: {r: 0, g: 1, b: 1, a: 0.27450982}
  PreviewDeniedColor: {r: 1, g: 0, b: 0, a: 0.27450982}
  Conditions: []
  Skins: []
  SkinIndex: 0
  MeshBounds:
    m_Center: {x: 0, y: 1.9399998, z: 0.00000014901161}
    m_Extent: {x: 2, y: 2, z: 0.06000033}
  CurrentState: 4
  LastState: 0
  Sockets: []
  Colliders: []
  Renderers: []
  ExtraProperties: []
--- !u!114 &8171462357684858034
MonoBehaviour:
  m_ObjectHideFlags: 0
  m_CorrespondingSourceObject: {fileID: 0}
  m_PrefabInstance: {fileID: 0}
  m_PrefabAsset: {fileID: 0}
  m_GameObject: {fileID: 6391383640814532773}
  m_Enabled: 1
  m_EditorHideFlags: 0
  m_Script: {fileID: 11500000, guid: 0b0f07f8f4eeed74a80c484b5d8cc2a7, type: 3}
  m_Name: 
  m_EditorClassIdentifier: 
  IsPlaceable: 1
  IsEditable: 1
  IsDestructible: 1
  RequireAreaForPlacement: 0
  RequireAreaForDestruction: 0
  RequireAreaForEdit: 0
  RequireSocket: 1
