%YAML 1.1
%TAG !u! tag:unity3d.com,2011:
--- !u!1 &1244686405198774992
GameObject:
  m_ObjectHideFlags: 0
  m_CorrespondingSourceObject: {fileID: 0}
  m_PrefabInstance: {fileID: 0}
  m_PrefabAsset: {fileID: 0}
  serializedVersion: 6
  m_Component:
  - component: {fileID: 662267067403811044}
  - component: {fileID: 3670982038549446970}
  - component: {fileID: 8063816678870267786}
  m_Layer: 0
  m_Name: BLD_Default_Door_PB
  m_TagString: Untagged
  m_Icon: {fileID: 0}
  m_NavMeshLayer: 0
  m_StaticEditorFlags: 0
  m_IsActive: 1
--- !u!4 &662267067403811044
Transform:
  m_ObjectHideFlags: 0
  m_CorrespondingSourceObject: {fileID: 0}
  m_PrefabInstance: {fileID: 0}
  m_PrefabAsset: {fileID: 0}
  m_GameObject: {fileID: 1244686405198774992}
  m_LocalRotation: {x: 0, y: 0, z: 0, w: 1}
  m_LocalPosition: {x: 0, y: 0, z: 0}
  m_LocalScale: {x: 1, y: 1, z: 1}
  m_ConstrainProportionsScale: 0
  m_Children:
  - {fileID: 4639070330615562603}
  m_Father: {fileID: 0}
  m_RootOrder: 0
  m_LocalEulerAnglesHint: {x: 0, y: 0, z: 0}
--- !u!114 &3670982038549446970
MonoBehaviour:
  m_ObjectHideFlags: 0
  m_CorrespondingSourceObject: {fileID: 0}
  m_PrefabInstance: {fileID: 0}
  m_PrefabAsset: {fileID: 0}
  m_GameObject: {fileID: 1244686405198774992}
  m_Enabled: 1
  m_EditorHideFlags: 0
  m_Script: {fileID: 11500000, guid: a6576b638fdd0e546ac6c176d649d3f9, type: 3}
  m_Name: 
  m_EditorClassIdentifier: 
  Id: 8
  Icon: {fileID: 21300000, guid: 88e894bc70d4b1941a661c42389078c8, type: 3}
  Name: Modular BuildingDoor
  Description: 
  Category: Door
  IgnoreSocket: 0
  IgnoreGrid: 1
  UseGroundUpper: 0
  GroundUpperHeight: 1
  KeepLastRotation: 0
  RotateOnSockets: 0
  RotateAccodingSurface: 1
  RotateAccordingSlope: 0
  RotateAccordingSlopeAngleLimition: 360
  RotationAxis: {x: 0, y: 90, z: 0}
  PreviewClampPosition: 0
  PreviewClampMinPosition: {x: 0, y: 0, z: 0}
  PreviewClampMaxPosition: {x: 0, y: 0, z: 0}
  PreviewOffset: {x: 0, y: 0, z: 0}
  PreviewDisableObjects:
  - {fileID: 0}
  PreviewDisableBehaviours: []
  PreviewDisableColliders: []
  PreviewColorLerpTime: 15
  CustomPreviewMaterial: {fileID: 2100000, guid: eeb103c9847f5af4d9bd2799f9bfa483, type: 2}
  PreviewAllowedColor: {r: 0, g: 1, b: 1, a: 0.27450982}
  PreviewDeniedColor: {r: 1, g: 0, b: 0, a: 0.27450982}
  Conditions: []
  Skins: []
  SkinIndex: 0
  MeshBounds:
    m_Center: {x: 0.000000059604645, y: 1.4399997, z: 0.14043148}
    m_Extent: {x: 0.6666666, y: 1.5000001, z: 0.19711803}
  CurrentState: 4
  LastState: 0
  Sockets: []
  Colliders: []
  Renderers: []
  ExtraProperties: []
--- !u!114 &8063816678870267786
MonoBehaviour:
  m_ObjectHideFlags: 0
  m_CorrespondingSourceObject: {fileID: 0}
  m_PrefabInstance: {fileID: 0}
  m_PrefabAsset: {fileID: 0}
  m_GameObject: {fileID: 1244686405198774992}
  m_Enabled: 1
  m_EditorHideFlags: 0
  m_Script: {fileID: 11500000, guid: 0b0f07f8f4eeed74a80c484b5d8cc2a7, type: 3}
  m_Name: 
  m_EditorClassIdentifier: 
  IsPlaceable: 1
  IsEditable: 1
  IsDestructible: 1
  RequireAreaForPlacement: 0
  RequireAreaForDestruction: 0
  RequireAreaForEdit: 0
  RequireSocket: 1
--- !u!1 &1451746155106972650
GameObject:
  m_ObjectHideFlags: 0
  m_CorrespondingSourceObject: {fileID: 0}
  m_PrefabInstance: {fileID: 0}
  m_PrefabAsset: {fileID: 0}
  serializedVersion: 6
  m_Component:
  - component: {fileID: 4639070330615562603}
  - component: {fileID: 3951305330177346428}
  - component: {fileID: 8133341065742607690}
  - component: {fileID: 1745010454719662702}
  m_Layer: 0
  m_Name: BLD_Default_Door_MO
  m_TagString: Untagged
  m_Icon: {fileID: 0}
  m_NavMeshLayer: 0
  m_StaticEditorFlags: 0
  m_IsActive: 1
--- !u!4 &4639070330615562603
Transform:
  m_ObjectHideFlags: 0
  m_CorrespondingSourceObject: {fileID: 0}
  m_PrefabInstance: {fileID: 0}
  m_PrefabAsset: {fileID: 0}
  m_GameObject: {fileID: 1451746155106972650}
  m_LocalRotation: {x: -0, y: -0, z: -0, w: 1}
  m_LocalPosition: {x: 0, y: 0, z: 0}
  m_LocalScale: {x: 1, y: 1, z: 1}
  m_ConstrainProportionsScale: 0
  m_Children: []
  m_Father: {fileID: 662267067403811044}
  m_RootOrder: 0
  m_LocalEulerAnglesHint: {x: 0, y: 0, z: 0}
--- !u!33 &3951305330177346428
MeshFilter:
  m_ObjectHideFlags: 0
  m_CorrespondingSourceObject: {fileID: 0}
  m_PrefabInstance: {fileID: 0}
  m_PrefabAsset: {fileID: 0}
  m_GameObject: {fileID: 1451746155106972650}
  m_Mesh: {fileID: 9038182866678977642, guid: 3a1eb5539aaf78f42b30fda96f67dee0, type: 3}
--- !u!23 &8133341065742607690
MeshRenderer:
  m_ObjectHideFlags: 0
  m_CorrespondingSourceObject: {fileID: 0}
  m_PrefabInstance: {fileID: 0}
  m_PrefabAsset: {fileID: 0}
  m_GameObject: {fileID: 1451746155106972650}
  m_Enabled: 1
  m_CastShadows: 1
  m_ReceiveShadows: 1
  m_DynamicOccludee: 1
  m_StaticShadowCaster: 0
  m_MotionVectors: 1
  m_LightProbeUsage: 1
  m_ReflectionProbeUsage: 1
  m_RayTracingMode: 2
  m_RayTraceProcedural: 0
  m_RenderingLayerMask: 1
  m_RendererPriority: 0
  m_Materials:
  - {fileID: 2100000, guid: fb1997cd90dfc6c47898ecbeedcb80d7, type: 2}
  m_StaticBatchInfo:
    firstSubMesh: 0
    subMeshCount: 0
  m_StaticBatchRoot: {fileID: 0}
  m_ProbeAnchor: {fileID: 0}
  m_LightProbeVolumeOverride: {fileID: 0}
  m_ScaleInLightmap: 1
  m_ReceiveGI: 1
  m_PreserveUVs: 0
  m_IgnoreNormalsForChartDetection: 0
  m_ImportantGI: 0
  m_StitchLightmapSeams: 1
  m_SelectedEditorRenderState: 3
  m_MinimumChartSize: 4
  m_AutoUVMaxDistance: 0.5
  m_AutoUVMaxAngle: 89
  m_LightmapParameters: {fileID: 0}
  m_SortingLayerID: 0
  m_SortingLayer: 0
  m_SortingOrder: 0
  m_AdditionalVertexStreams: {fileID: 0}
--- !u!64 &1745010454719662702
MeshCollider:
  m_ObjectHideFlags: 0
  m_CorrespondingSourceObject: {fileID: 0}
  m_PrefabInstance: {fileID: 0}
  m_PrefabAsset: {fileID: 0}
  m_GameObject: {fileID: 1451746155106972650}
  m_Material: {fileID: 0}
  m_IsTrigger: 0
  m_Enabled: 1
  serializedVersion: 4
  m_Convex: 1
  m_CookingOptions: 30
  m_Mesh: {fileID: 9038182866678977642, guid: 3a1eb5539aaf78f42b30fda96f67dee0, type: 3}
